@article{LIBRO,
	author =       "{Armando Fox, David Patterson}",
	title =        "{Engineering Software AS A Service, Agile Approach Using Cloud Computing}",
}

@article{GUIDA,
	title =        "{Ruby on Rails}",
	Url =          "{http://guides.rubyonrails.org}"
}

@article{WIKI,
	title =		   "{Wikipedia}",
	Url = 		   "{https://www.wikipedia.org}"
}

@article{STACKO,
	title = 	   "{StackOverflow}",
	Url = 		   "{https://stackoverflow.com/}"
}